@article{cite1,
author = {A. Sahbani, S. El-Khoury, and P. Bidaud},
title = {An overview
of 3d object grasp synthesis algorithms},
journal = {Robot. Auton. Syst.},
volume = 60, 
number = 3, 
pages = {326-336}, 
year = 2012
}

@inproceedings{bo_cvpr11,
  author = {L. Bo and K. Lai and X. Ren and D. Fox},
  title = {Object Recognition with Hierarchical Kernel Descriptors},
  booktitle = {IEEE International Conference on Computer Vision and Pattern Recognition},
  year = {2011},
  month = {June},
  pdf = {http://www.cs.washington.edu/homes/lfb/paper/cvpr11.pdf}
}

@inproceedings{bo_nips10,
  author = {L. Bo and X. Ren and D. Fox},
  title = {{Kernel Descriptors for Visual Recognition}},
  booktitle = {Advances in Neural Information Processing Systems},
  year = {2010},
  month = {December}
}

@inproceedings{lai_icra11a,
  author = {Kevin Lai and Liefeng Bo and Xiaofeng Ren and Dieter Fox},
  title = {A Large-Scale Hierarchical Multi-View RGB-D Object Dataset},
  booktitle = {IEEE International Conference on on Robotics and Automation},
  year = {2011},
  pdf = {http://www.cs.washington.edu/homes/kevinlai/publications/lai_icra11a.pdf}
}

@article{cite2,
author = {I. Lenz, H. Lee, and A. Saxena},
title = {Deep Learning for Detecting Robotic Grasps},
journal = {International Journal of Robotics Research (IJRR)},
volume = 34, 
number = 4, 
pages = {705-724}, 
year = 2015
}




@misc{cite3,
 author = {A. ten Pas and R. Platt},
 title = {â€œLocalizing grasp affordances in 3-D points
clouds using taubin quadric fitting},
 note = { International Symposium on
Experimental Robotics (ISER)},
 year = 2014
}
@article{lowe2004distinctive,
  title={Distinctive image features from scale-invariant keypoints},
  author={Lowe, David G},
  journal={International journal of computer vision},
  volume={60},
  number={2},
  pages={91--110},
  year={2004},
  publisher={Springer}
}
@inproceedings{dalal2005histograms,
  title={Histograms of oriented gradients for human detection},
  author={Dalal, Navneet and Triggs, Bill},
  booktitle={2005 IEEE Computer Society Conference on Computer Vision and Pattern Recognition (CVPR'05)},
  volume={1},
  pages={886--893},
  year={2005},
  organization={IEEE}
}
@article{scholkopf1998nonlinear,
  title={Nonlinear component analysis as a kernel eigenvalue problem},
  author={Sch{\"o}lkopf, Bernhard and Smola, Alexander and M{\"u}ller, Klaus-Robert},
  journal={Neural computation},
  volume={10},
  number={5},
  pages={1299--1319},
  year={1998},
  publisher={MIT Press}
}


